@article{neal2011mcmc,
  title={{MCMC} using {Hamiltonian} dynamics},
  author={Neal, Radford M and others},
  journal={Handbook of Markov Chain Monte Carlo},
  volume={2},
  number={11},
  year={2011},
  publisher={CRC Press New York, NY}
}

@article{metropolis1953equation,
  title={Equation of state calculations by fast computing machines},
  author={Metropolis, Nicholas and Rosenbluth, Arianna W and Rosenbluth, Marshall N and Teller, Augusta H and Teller, Edward},
  journal={The journal of chemical physics},
  volume={21},
  number={6},
  pages={1087--1092},
  year={1953},
  publisher={AIP}
}

@book{bishop2006pattern,
author = {Bishop, Christopher},
title = {Pattern Recognition and Machine Learning},
booktitle = {},
year = {2006},
month = {January},
publisher = {Springer},
address = {},
pages = {},
journal = {},
volume = {},
chapter = {},
isbn = {},
}

@article{geman1984stochastic,
  title={Stochastic relaxation, {Gibbs} distributions, and the {Bayesian} restoration of images},
  author={Geman, Stuart and Geman, Donald},
  journal={IEEE Transactions on pattern analysis and machine intelligence},
  number={6},
  pages={721--741},
  year={1984},
  publisher={IEEE}
}

@article{jordan1999introduction,
  title={An introduction to variational methods for graphical models},
  author={Jordan, Michael I and Ghahramani, Zoubin and Jaakkola, Tommi S and Saul, Lawrence K},
  journal={Machine learning},
  volume={37},
  number={2},
  pages={183--233},
  year={1999},
  publisher={Springer}
}

@article{yao2018yes,
  title={Yes, but Did It Work?: Evaluating Variational Inference},
  author={Yao, Yuling and Vehtari, Aki and Simpson, Daniel and Gelman, Andrew},
  journal={arXiv preprint arXiv:1802.02538},
  year={2018}
}

@article{hoffman2014no,
  title={The {No-U-turn sampler}: adaptively setting path lengths in {Hamiltonian Monte Carlo}.},
  author={Hoffman, Matthew D and Gelman, Andrew},
  journal={Journal of Machine Learning Research},
  volume={15},
  number={1},
  pages={1593--1623},
  year={2014}
}

@article{carpenter2017stan,
  title={Stan: A probabilistic programming language},
  author={Carpenter, Bob and Gelman, Andrew and Hoffman, Matthew D and Lee, Daniel and Goodrich, Ben and Betancourt, Michael and Brubaker, Marcus and Guo, Jiqiang and Li, Peter and Riddell, Allen},
  journal={Journal of statistical software},
  volume={76},
  number={1},
  year={2017},
  publisher={Columbia Univ., New York, NY (United States); Harvard Univ., Cambridge, MA (United States)}
}

@inproceedings{bergstra2011theano,
  title={Theano: Deep learning on {GPUs} with {Python}},
  author={Bergstra, James and Bastien, Fr{\'e}d{\'e}ric and Breuleux, Olivier and Lamblin, Pascal and Pascanu, Razvan and Delalleau, Olivier and Desjardins, Guillaume and Warde-Farley, David and Goodfellow, Ian and Bergeron, Arnaud and others},
  booktitle={NIPS 2011, BigLearning Workshop, Granada, Spain},
  volume={3},
  year={2011},
  organization={Citeseer}
}

@article{salvatier2016probabilistic,
  title={Probabilistic programming in Python using {PyMC3}},
  author={Salvatier, John and Wiecki, Thomas V and Fonnesbeck, Christopher},
  journal={PeerJ Computer Science},
  volume={2},
  pages={e55},
  year={2016},
  publisher={PeerJ Inc.}
}

@article{kucukelbir2017automatic,
  title={Automatic differentiation variational inference},
  author={Kucukelbir, Alp and Tran, Dustin and Ranganath, Rajesh and Gelman, Andrew and Blei, David M},
  journal={The Journal of Machine Learning Research},
  volume={18},
  number={1},
  pages={430--474},
  year={2017},
  publisher={JMLR. org}
}

@article{tran2016edward,
  title={Edward: A library for probabilistic modeling, inference, and criticism},
  author={Tran, Dustin and Kucukelbir, Alp and Dieng, Adji B and Rudolph, Maja and Liang, Dawen and Blei, David M},
  journal={arXiv preprint arXiv:1610.09787},
  year={2016}
}

@article{dillon2017tensorflow,
  title={{TensorFlow} Distributions},
  author={Dillon, Joshua V and Langmore, Ian and Tran, Dustin and Brevdo, Eugene and Vasudevan, Srinivas and Moore, Dave and Patton, Brian and Alemi, Alex and Hoffman, Matt and Saurous, Rif A},
  journal={arXiv preprint arXiv:1711.10604},
  year={2017}
}

@inproceedings{abadi2016tensorflow,
  title={{TensorFlow}: A System for Large-Scale Machine Learning.},
  author={Abadi, Mart{\'\i}n and Barham, Paul and Chen, Jianmin and Chen, Zhifeng and Davis, Andy and Dean, Jeffrey and Devin, Matthieu and Ghemawat, Sanjay and Irving, Geoffrey and Isard, Michael and others},
  booktitle={OSDI},
  volume={16},
  pages={265--283},
  year={2016}
}

@misc{uberlabs,
  title={Labs. 2017. Pyro, a deep probabilistic programming language.(2017)},
  author={Uber, AI}
}

@misc{paszke2017pytorch,
  title={Pytorch},
  author={Paszke, Adam and Gross, Sam and Chintala, Soumith and Chanan, Gregory},
  year={2017}
}

@article{taylor2017forecasting,
  title={Forecasting at scale. 2017},
  author={Taylor, Sean J and Letham, Benjamin},
  journal={URL: https://facebookincubator.github.io/prophet},
  year={2017}
}

@article{lauderdalemodel,
  title={Model-Based Pre-Election Polling for National and Sub-National Outcomes in the {US} and {UK}},
  author={Lauderdale, Benjamin E and Bailey, Delia and Blumenau, YouGov Jack}
}

@article{blei2014build,
  title={Build, compute, critique, repeat: Data analysis with latent variable models},
  author={Blei, David M},
  journal={Annual Review of Statistics and Its Application},
  volume={1},
  pages={203--232},
  year={2014},
  publisher={Annual Reviews}
}

@article{hoyer2017xarray,
  title={xarray: ND labeled Arrays and Datasets in Python},
  author={Hoyer, Stephan and Hamman, Joe},
  journal={Journal of Open Research Software},
  volume={5},
  number={1},
  year={2017},
  publisher={Ubiquity Press}
}

@article{gabry2017visualization,
  title={Visualization in Bayesian workflow},
  author={Gabry, Jonah and Simpson, Daniel and Vehtari, Aki and Betancourt, Michael and Gelman, Andrew},
  journal={arXiv preprint arXiv:1709.01449},
  year={2017}
}

@article{rew1990netcdf,
  title={NetCDF: an interface for scientific data access},
  author={Rew, Russ and Davis, Glenn},
  journal={IEEE computer graphics and applications},
  volume={10},
  number={4},
  pages={76--82},
  year={1990},
  publisher={IEEE}
}

@article{mckinney2011pandas,
  title={pandas: a foundational Python library for data analysis and statistics},
  author={McKinney, Wes},
  journal={Python for High Performance and Scientific Computing},
  pages={1--9},
  year={2011}
}

@book{gelman2006data,
  title={Data analysis using regression and multilevel/hierarchical models},
  author={Gelman, Andrew and Hill, Jennifer},
  year={2006},
  publisher={Cambridge university press}
}